@misc{celis_gonzales_2014, title={A Comprehensive Review for Disk Scheduling Algorithms }, url={http://www.ijcsi.org/papers/IJCSI-11-1-1-74-79.pdf}, journal={A Comprehensive Review for Disk Scheduling Algorithms }, publisher={IJCSI International Journal of Computer Science Issues}, author={Celis, John and Gonzales, Dennis}, year={2014}, month={Jan}}
