@misc{ muys_1997, title={Demo Producer/Consumer}, url={https://www.cs.nmsu.edu/~jcook/Tools/pthreads/pc.c}, journal={Demo Producer/Consumer}, publisher={Andrae Muys}, author={ Muys, Andrae}, year={1997}, month={Sep}}
@misc{2014, title={Producer/consumer using pthreads}, url={http://nirbhay.in/blog/2013/07/producer_consumer_pthreads/}, journal={Nirbhay Choubey}, author={Nirbhay }, year={2014}, month={Apr}}
@misc{rutenberg_2016, title={C : mt19937 Example}, url={https://www.guyrutenberg.com/2014/05/03/c-mt19937-example/}, journal={Guy Rutenberg}, publisher={Guy Rutenberg}, author={Rutenberg, Guy}, year={2016}, month={Jan}}
